@article{anggariawan:2014,
  title={Literate Programming. A Computer Programming for Kids, Adults, and Everybody. },
  author={Anggariawan Djokovic},
  journal={The Computer Journal},
  volume={27},
  number={2},
  pages={97--111},
  year={1984},
  publisher={Oxford University Press}
}

@article{Bloggs1950,
    author = "{Bloggs}, {Joseph K.}",
    journal = "International Journal of Dubious Assertions",
    pages = "337-629",
    title = "{Misusing Scientific Terminology for Fun and Profit}",
    volume = "202",
    year = "1950"
}